%% https://de.wikipedia.org/wiki/BibTeX

%%Literatur-------------------------------------------------------------------------------------------------------

%%Online-------------------------------------------------------------------------------------------------------

%%Abbildungen-------------------------------------------------------------------------------------------------------

%%Datenblatt-------------------------------------------------------------------------------------------------------
@manual{amorton,
	organisation = {Panasonic Industry},
	title =  {{Amorphous Silicon Solar Cells}},
	year          =  2019,
	month         =  08,
	keywords = {manual}
}

@manual{adp,
	organisation = {Analog Devices},
	title =  {{Ultralow Power Boost Regulator with MPPT and Charge Management }},
	year          =  2017,
	month         =  02,
	keywords = {manual}
}

@manual{yuden,
	organisation = {Taiyo Yuden},
	title =  {{Cylinder Type Lithium Ion Capacitors }},
	year          =  2019,
	month         =  08,
	keywords = {manual}
}



